@article{bancocentraldelecuadorEstudioImpactosMacroeconomicos2023,
  title = {{Estudio de los impactos macroecon{\'o}micos de mantener el crudo del Bloque 43-ITT indefinidamente en el subsuelo}},
  author = {{Banco Central del Ecuador}},
  year = {2023},
  month = aug,
  journal = {74},
  issn = {1390 -- 1214},
  langid = {spanish},
  file = {C:\Users\Geani\Zotero\storage\K5AK27UP\Estudio de los impactos macroeconómicos de mantene.pdf}
}

@article{garcia-albanGoodPolicyGood2021,
  title = {Good Policy or Good Luck? {{Analyzing}} the Effects of Fiscal Policy and Oil Revenue Shocks in {{Ecuador}}},
  shorttitle = {Good Policy or Good Luck?},
  author = {{Garc{\'i}a-Alb{\'a}n}, Freddy and {Gonz{\'a}lez-Astudillo}, Manuel and {Vera-Avell{\'a}n}, Cristhian},
  year = {2021},
  month = aug,
  journal = {Energy Economics},
  volume = {100},
  number = {105321},
  pages = {1--20},
  publisher = {North-Holland},
  issn = {0140-9883},
  doi = {10.1016/j.eneco.2021.105321},
  urldate = {2025-04-25},
  abstract = {This paper proposes a framework to estimate the effects of exogenous fiscal policy and oil revenue shocks on the macroeconomic activity of price-takin{\dots}},
  langid = {american},
  file = {C:\Users\Geani\Zotero\storage\GKX4FWSI\S0140988321002279.html}
}

@misc{ministeriodeenergiayminasEcuadorImpulsaPlan,
  title = {Ecuador Impulsa El {{Plan}} de {{Inversiones}} Del Sector de {{Hidrocarburos}} Que Marcar{\'a} El Futuro Del Petr{\'o}leo y El Gas Del Pa{\'i}s -- {{Ministerio}} de {{Energia}} y {{Minas}}},
  author = {{Ministerio de Energ{\'i}a y Minas}},
  urldate = {2025-04-25},
  howpublished = {https://www.recursosyenergia.gob.ec/ecuador-impulsa-el-plan-de-inversiones-del-sector-de-hidrocarburos-que-marcara-el-futuro-del-petroleo-y-el-gas-del-pais/},
  file = {C:\Users\Geani\Zotero\storage\CAK45E9J\ecuador-impulsa-el-plan-de-inversiones-del-sector-de-hidrocarburos-que-marcara-el-futuro-del-pe.html}
}

@misc{tapiaGobiernoNoboaBusca2025,
  title = {Gobierno de {{Noboa}} Busca Subir La Producci{\'o}n Petrolera de {{Ecuador}} En 105.000 Barriles Diarios En 2025},
  author = {Tapia, Evelyn},
  year = {2025},
  month = jan,
  journal = {Primicias},
  urldate = {2025-04-25},
  abstract = {La meta es pasar de 475.272 barriles diarios de petr{\'o}leo (bdp) en 2024 hasta los 580.000 bdp en 2025 y llegar hasta los 600.000 en 2026. El Gobierno lanz{\'o} un plan de inversiones hasta 2029 de USD 42.000 millones.},
  chapter = {Econom{\'i}a},
  howpublished = {https://www.primicias.ec/economia/plan-hidrocarburifero-inversiones-petroleo-gobierno-noboa-88061/},
  file = {C:\Users\Geani\Zotero\storage\TK52HLHL\plan-hidrocarburifero-inversiones-petroleo-gobierno-noboa-88061.html}
}

@misc{unescoMainInitiativesYasuni2024,
  title = {Main Initiatives in the {{Yasun{\'i} Biosphere Reserve}}, {{Ecuador}} {\textbar} {{UNESCO}}},
  author = {UNESCO},
  year = {2024},
  month = jun,
  urldate = {2024-11-25},
  abstract = {The Yasun{\'i} Biosphere Reserve is participating in the Amazon Biosphere Reserve Project, which aims to stop the degradation of forested areas, conserve biodiversity and ecosystems and support sustainable livelihoods.},
  howpublished = {https://www.unesco.org/en/amazon-biosphere-reserves-project/yasuni},
  langid = {english},
  file = {C:\Users\Geani\Zotero\storage\REA5SM7G\yasuni.html}
}

@article{banco_central_del_ecuador_estudio_2023,
	title = {Estudio de los impactos macroeconómicos de mantener el crudo del Bloque 43-ITT indefinidamente en el subsuelo},
	author = {Banco Central del Ecuador, },
	year = {2023},
	month = {08},
	date = {2023-08},
	journal = {74},
	url = {https://contenido.bce.fin.ec/documentos/PublicacionesNotas/Catalogo/Apuntes/ae74.pdf},
	note = {Citation Key: banco{\_}central{\_}del{\_}ecuador{\_}estudio{\_}2023},
	langid = {Spanish}
}

@article{corteconsitutionaldelecuadorCaseNo622CP2023,
	title = {Case No. 6-22-CP},
	author = {Corte Consitutional del Ecuador, },
	year = {2023},
	month = {05},
	date = {2023-05-09},
	url = {http://esacc.corteconstitucional.gob.ec/storage/api/v1/10_DWL_FL/e2NhcnBldGE6J3RyYW1pdGUnLHV1aWQ6JzYwMjJlYzc1LWViYzctNDNjYi05MjJjLWUyOTVhN2I4OTBjMy5wZGYnfQ==},
	note = {Citation Key: corteconsitutionaldelecuadorCaseNo622CP2023}
}
